% !TeX encoding = Windows-1251

@book{wangmemory,
  title     = {Managing memory with types},
  author    = {Wang, Daniel Chen-An},
  year      = {2002},
  publisher = {Princeton University},
  language  = {english},
  pages     = {29--55},
}

@BOOK{facebook,
  title = {Facebook open"=source library documentation [{Э}лектронный ресурс]},
  note  = {URL:~\url{https://github.com/facebook/folly/blob/main/folly/docs/FBVector.md} (Дата обращения 25.05.2021). Загл. с экр. Яз. англ.},
}