% !TeX encoding = Windows-1251

@BOOK{date,
  author    = {Дейт, К Дж},
  title     = {Введение в системы баз данных},
  publisher = {Вильямс},
  address   = {Россия, г. Москва, ул. Лесная, д. 43},
  year      = {2008},
  language  = {russian},
  pages     = {1328},
}

@BOOK{2,
  author    = {Гарсиа-Молина, Гектор and Ульман, Джеффри Д and Уидом, Дженнифер},
  title     = {Системы баз данных: Полный курс},
  year      = {2003},
  publisher = {Вильямс},
  address   = {Россия, г. Москва, ул. Лесная, д. 43},
  language  = {russian},
  pages     = {1088},
}

@ARTICLE{3,
  title     = {Введение в системы баз данных},
  author    = {Ульман, Дж and Уидом, Дж},
  journal   = {М.: Лори},
  pages     = {379},
  volume    = {374},
  year      = {2000},
  language  = {russian},
}

@BOOK{4,
  title     = {Системы баз данных: проектирование, реализация и управление},
  author    = {Роб, Питер and Коронел, Карлос},
  year      = {2004},
  publisher = {БХВ-Петербург},
  language  = {russian},
  pages     = {1024},
  address   = {Россия, г. Санкт-Петербург, ул. Гончарная, д. 20},
}

@ARTICLE{5,
  title     = {Основы баз данных},
  author    = {Кузнецов, Сергей Дмитриевич},
  journal   = {М.: Бином. Лаборатория знаний},
  pages     = {484},
  year      = {2007},
  language  = {russian},
}

@BOOK{6,
  title     = {СУБД для программиста. Базы данных изнутри},
  author    = {Тарасов, СВ},
  publisher = {Солон-Пресс},
  year      = {2015},
  language  = {russian},
  pages     = {320},
  address   = {Россия, г. Москва, ул. Садовая Кудринская д. 11},
}

@BOOK{7,
  title     = {Joe Celko's thinking in sets: auxiliary, temporal, and virtual tables in SQL},
  author    = {Celko, Joe},
  year      = {2008},
  publisher = {Morgan Kaufmann},
  address   = {USA, Waltham},
  language  = {english},
  pages     = {384},
}

@inproceedings{8,
  title={Self-Driving Database Management Systems},
  author={Pavlo, Andrew and Angulo, Gustavo and Arulraj, Joy},
  booktitle={CIDR},
  publisher = {Carnegie Mellon University},
  address   = {USA, Pennsylvania},
  volume={4},
  pages={12},
  year={2017},
  language  = {english},
}


@article{9,
  title={Большие данные: современные подходы к хранению и обработке},
  author={Клеменков, ПА and Кузнецов, СД},
  journal={Труды Института системного программирования РАН},
  volume={23},
  pages={143--158},
  year={2012},
  language  = {russian},
}

@BOOK{10,
  title     = {SQL: Полное руководство},
  author    = {Грофф, Джеймс and Вайнберг, П and Оппель, Э},
  year      = {2019},
  publisher = {Диалектика},
  address   = {Россия, г. Санкт-Петербург},
  language  = {russian},
  pages     = {960},
}